@inproceedings{just2014defects4j,
  title={Defects4J: A database of existing faults to enable controlled testing studies for Java programs},
  author={Just, Ren{\'e} and Jalali, Darioush and Ernst, Michael D},
  booktitle={Proceedings of the 2014 international symposium on software testing and analysis},
  pages={437--440},
  year={2014}
}


@inproceedings{widyasari2020bugsinpy,
  title={Bugsinpy: a database of existing bugs in python programs to enable controlled testing and debugging studies},
  author={Widyasari, Ratnadira and Sim, Sheng Qin and Lok, Camellia and Qi, Haodi and Phan, Jack and Tay, Qijin and Tan, Constance and Wee, Fiona and Tan, Jodie Ethelda and Yieh, Yuheng and others},
  booktitle={Proceedings of the 28th ACM joint meeting on european software engineering conference and symposium on the foundations of software engineering},
  pages={1556--1560},
  year={2020}
}
@inproceedings{smytzek2024tests4py,
  title={Tests4Py: A Benchmark for System Testing},
  author={Smytzek, Marius and Eberlein, Martin and Serce, Batuhan and Grunske, Lars and Zeller, Andreas},
  booktitle={Companion Proceedings of the 32nd ACM International Conference on the Foundations of Software Engineering},
  pages={557--561},
  year={2024}
}
@inproceedings{kim2021denchmark,
  title={Denchmark: A bug benchmark of deep learning-related software},
  author={Kim, Misoo and Kim, Youngkyoung and Lee, Eunseok},
  booktitle={2021 IEEE/ACM 18th International Conference on Mining Software Repositories (MSR)},
  pages={540--544},
  year={2021},
  organization={IEEE}
}
